<?xml version="1.0" encoding="UTF-8"?><collection xmlns="http://www.loc.gov/MARC21/slim"><record><leader>00462nam--2200169-i-4500</leader><controlfield tag="001">000002694</controlfield><controlfield tag="002">20161230</controlfield><controlfield tag="005">20161230201025</controlfield><controlfield tag="008">060222s1000------------r-----000-0-eng-d</controlfield><datafield ind1=" " ind2=" " tag="040"><subfield code="a">IFIN-HH</subfield></datafield><datafield ind1=" " ind2=" " tag="080"><subfield code="a">537.533.35.621.385.833</subfield></datafield><datafield ind1="1" ind2=" " tag="100"><subfield code="a">Fischer, Robert B</subfield></datafield><datafield ind1="1" ind2="0" tag="245"><subfield code="a">Applied electron microscopy</subfield><subfield code="c">Robert b. fischer</subfield></datafield><datafield ind1=" " ind2=" " tag="260"><subfield code="a">Bloomington</subfield><subfield code="b">Indiana University Press</subfield><subfield code="c">1954</subfield></datafield><datafield ind1=" " ind2=" " tag="300"><subfield code="a">231P</subfield></datafield><datafield ind1=" " ind2=" " tag="852"><subfield code="a">10583</subfield><subfield code="c">537.533.35</subfield></datafield><datafield ind1=" " ind2=" " tag="CAT"><subfield code="a">Sys</subfield><subfield code="c">20110902</subfield><subfield code="h">091317</subfield></datafield></record></collection>